<?xml version="1.0" encoding="UTF-8"?><record xmlns="http://www.loc.gov/MARC21/slim" xmlns:cinclude="http://apache.org/cocoon/include/1.0" xmlns:zs="http://www.loc.gov/zing/srw/">
  <leader>00657nz  a2200157n  4500</leader>
  <controlfield tag="001">n 2015189007</controlfield>
  <controlfield tag="003">DLC</controlfield>
  <controlfield tag="005">20151009044106.0</controlfield>
  <controlfield tag="008">151009n| azannaabn          |n ana      </controlfield>
  <datafield tag="010" ind1=" " ind2=" ">
    <subfield code="a">n 2015189007</subfield>
  </datafield>
  <datafield tag="035" ind1=" " ind2=" ">
    <subfield code="a">(DNLM)1667089</subfield>
  </datafield>
  <datafield tag="040" ind1=" " ind2=" ">
    <subfield code="a">DNLM</subfield>
    <subfield code="b">eng</subfield>
    <subfield code="c">DNLM</subfield>
    <subfield code="e">rda</subfield>
  </datafield>
  <datafield tag="110" ind1="2" ind2=" ">
    <subfield code="a">Safe Work Australia</subfield>
  </datafield>
  <datafield tag="370" ind1=" " ind2=" ">
    <subfield code="e">Canberra (A.C.T.)</subfield>
    <subfield code="2">naf</subfield>
  </datafield>
  <datafield tag="670" ind1=" " ind2=" ">
    <subfield code="a">Mesothelioma in Australia, August 2012:</subfield>
    <subfield code="b">PDF t.p. (Safe Work Australia) t.p. verso (Canberra ACT)</subfield>
  </datafield>
  <datafield tag="670" ind1=" " ind2=" ">
    <subfield code="a">Safe Work Australia WWW site, viewed October 5, 2015</subfield>
    <subfield code="b">(Safe Work Australia leads the development of national policy to improve work health and safety and workers' compensation arrangements across Australia)</subfield>
  </datafield>
</record>